<?xml version="1.0" encoding="UTF-8" ?>
<record Numero="13914927" format="InterXMarc_Complet" type="Authority">
<leader>00453c0 au22000272  45  <Pos Code="0004">00453</Pos>
<Pos Code="05" Sens="notice modifiée">c</Pos>
<Pos Code="06" Sens="notice validée par les services d&apos;autorité">0</Pos>
<Pos Code="08" Sens="notice d&apos;autorité">a</Pos>
<Pos Code="09" Sens="titre uniforme musical (TUM)">u</Pos>
<Pos Code="10">2</Pos>
<Pos Code="11">2</Pos>
<Pos Code="1216">00027</Pos>
<Pos Code="17" Sens="autres cas">2</Pos>
<Pos Code="20">4</Pos>
<Pos Code="21">5</Pos>
</leader>
<controlfield tag="001">FRBNF139149276<Pos Code="0001">FR</Pos>
<Pos Code="0204">BNF</Pos>
<Pos Code="0512">13914927</Pos>
<Pos Code="13">6</Pos>
</controlfield>
<controlfield tag="008">890821120827yy    sy        1772                             1   <Pos Code="0001">89</Pos>
<Pos Code="0203">08</Pos>
<Pos Code="0405">21</Pos>
<Pos Code="0607">12</Pos>
<Pos Code="0809">08</Pos>
<Pos Code="1011">27</Pos>
<Pos Code="1213" Sens="ne s&apos;applique pas">yy</Pos>
<Pos Code="1820">sy </Pos>
<Pos Code="2831">1772</Pos>
<Pos Code="61" Sens="La vedette peut être liée à une notice bibliographique sauf pour l&apos;accès matière RAMEAU">1</Pos>
</controlfield>
<datafield tag="048" ind1=" " ind2=" ">
	<subfield code="a">oa01<Pos Code="0001" Sens="orchestre - orchestre symphonique XIXe-XXe s.">oa</Pos>
<Pos Code="02">0</Pos>
<Pos Code="03">1</Pos>
</subfield>
</datafield>
<datafield tag="100" ind1=" " ind2=" ">
	<subfield code="3">14027233</subfield>
	<subfield code="w">.0..b.....</subfield>
	<subfield code="a">Mozart</subfield>
	<subfield code="m">Wolfgang Amadeus</subfield>
	<subfield code="d">1756-1791</subfield>
</datafield>
<datafield tag="144" ind1="1" ind2=" ">
	<subfield code="w">....b.....</subfield>
	<subfield code="a">Symphonies</subfield>
	<subfield code="n">No 17</subfield>
	<subfield code="k">KV 129</subfield>
	<subfield code="t">Sol majeur</subfield>
</datafield>
<datafield tag="444" ind1="1" ind2=" ">
	<subfield code="w">....b.....</subfield>
	<subfield code="a">Symphonies</subfield>
	<subfield code="n">No 17</subfield>
	<subfield code="k">K 129</subfield>
	<subfield code="t">Sol majeur</subfield>
</datafield>
<datafield tag="502" ind1=" " ind2=" ">
	<subfield code="3">13993896</subfield>
	<subfield code="a">Mozart</subfield>
	<subfield code="m">Wolfgang Amadeus</subfield>
	<subfield code="d">1756-1791</subfield>
	<subfield code="t">[Symphonies]</subfield>
</datafield>
<datafield tag="600" ind1=" " ind2=" ">
	<subfield code="a">Date de composition : 1772</subfield>
</datafield>
<datafield tag="610" ind1=" " ind2=" ">
	<subfield code="a">Grove 6</subfield>
	<subfield code="a">Köchel 6</subfield>
</datafield>
<datafield tag="917" ind1=" " ind2=" ">
	<subfield code="o">OPC</subfield>
	<subfield code="a">100442000</subfield>
</datafield>
<Alter Ori="14027233">
<datafield tag="400" ind1=" " ind2=" ">
	<subfield code="w">....b.....</subfield>
	<subfield code="a">Mozart</subfield>
	<subfield code="m">Wolfgang Gottlieb</subfield>
	<subfield code="d">1756-1791</subfield>
</datafield>
</Alter>
<Attr Nom="IDPerenne">ark:/12148/cb13914927t</Attr>
<Attr Nom="NumSource">OPC 100442000</Attr>
<Attr Nom="Source" Sens="BnF catalogue général (depuis 1999)">A</Attr>
<Attr Nom="NumAutoriteLiee">1402723313993896</Attr>
<Attr Nom="DateCreation">21/08/ 1989</Attr>
<Attr Nom="ResponsableCreation">MIGV2</Attr>
<Attr Nom="StructCreation">1</Attr>
<Attr Nom="DateDerniereValidation">27/08/ 2012</Attr>
<Attr Nom="ResponsableDerniereValidation">SERRES CATHERINE</Attr>
<Attr Nom="StructPremiereValidation">1</Attr>
<Attr Nom="DatePremiereValidation">21/08/ 1989</Attr>
<Attr Nom="ResponsablePremiereValidation">MIGV2</Attr>
<Attr Nom="StructDerniereValidation">82</Attr>
</record>
